@inproceedings{wurthinger2007array,
  title={Array bounds check elimination for the Java HotSpot(TM) client compiler},
  author={W{\"u}rthinger, Thomas and Wimmer, Christian and M{\"o}ssenb{\"o}ck, Hanspeter},
  booktitle={Proceedings of the 5th international symposium on Principles and practice of programming in Java},
  pages={125--133},
  year={2007},
  organization={ACM}
  }

@inproceedings{paisante2016symbolic,
  title={Symbolic range analysis of pointers},
  author={Paisante, Vitor and Maalej, Maroua and Barbosa, Leonardo and Gonnord, Laure and Quint{\~a}o Pereira, Fernando Magno},
  booktitle={Proceedings of the 2016 International Symposium on Code Generation and Optimization},
  pages={171--181},
  year={2016},
  organization={ACM}
  }

@article{midtgaard2012control,
  title={Control-flow analysis of functional programs},
  author={Midtgaard, Jan},
  journal={ACM Computing Surveys (CSUR)},
  volume={44},
  number={3},
  pages={10},
  year={2012},
  publisher={ACM}
  }
